@book{unixprog,
    author = "Eric Steven Raymond",
    title = "The Art of Unix Programming",
    chapter = "1.5.5",
    year = "2003",
    url = "http://www.faqs.org/docs/artu/ch01s06.html",
}
@online{Debian,
    organization = "Software in the Public Interest",
	title = "Debian Linux",
	url = "http://debian.org/intro/about",
	year = "07.05.2013",
}
@online{wheezy,
    organization = "Software in the Public Interest",
	title = "Debian 7.0 “Wheezy” released",
	url = "http://www.debian.org/News/2013/20130504",
	year = "07.05.2013",
}
@online{squeeze,
    organization = "Software in the Public Interest",
	title = "Debian “squeeze” Release Information",
	url = "http://www.debian.org/releases/squeeze/",
	year = "07.05.2013",
}

@online{python,
	organization = "Python Software Foundation",
	title = "About Python",
	url = "http://www.python.org/about/",
	year = "07.05.2013",
}
@manual{pythonversjon,
	organization = "Debian Project",
	title = "Package: python2.6 (2.6.6-8 and others)",
	url = "http://packages.debian.org/squeeze/python2.6",
	year = "07.05.2013",
}
@online{pythonapps,
	organization = "Python Software Foundatuion",
	title = "Application Domains",
	url = "http://www.python.org/about/apps/",
	year = "07.05.2013",
}
@manual{pythonsubprocess,
	organization = "Python Software Foundatuion",
	title = "17.1 subprocess -- Subprocess management",
	url = "http://docs.python.org/2.6/library/subprocess.html",
	year = "2013",
	edition ="2.6.6",
}
@manual{djangopkg,
	organization = "Debian Project",
	title = "python-django (1.2.3-3+squeeze5) [security]",
	url = "http://packages.debian.org/squeeze/python-django",
	year = "07.05.2013",
	edition = "Squeeze"
}
@online{djangowww,
	organization="Django Software Foundation",
	title ="Meet Django",
	url = "https://www.djangoproject.com/",
	year = "07.05.2013",
}
@manual{djangosessions,
	organization="Django Software Foundation",
	title ="How to use sessions",
	url = "https://docs.djangoproject.com/en/1.2/topics/http/sessions/",
	year = "07.05.2013",
	edition = "1.2"
}
@manual{debbash,
	organization = "Debian Project",
	title = "Package: bash (4.1-3)",
	url = "http://packages.debian.org/squeeze/bash",
	year = "07.05.2013",
	edition = "squeeze"
}
@article{bashwww,
	author = "Chet Ramey",
	title = "The GNU Bourne-Again SHell",
	url = "http://tiswww.case.edu/php/chet/bash/bashtop.html",
	year = "07.05.2013",
}
@article{bashabout,
	author = "Chet Ramey",
	title = "BASH - The Bourne-Again Shell",
	url = "http://tiswww.case.edu/php/chet/bash/bash-intro.html",
	year = "07.05.2013",
}

@online{phpwww,
	organization = "The PHP Group",
	title = "General Information [about PHP]",
	url = "http://no1.php.net/manual/en/faq.general.php",
	year = "07.05.2013",
}
@electronic{phppkg,
	organization = "Debian Project",
	title = "Package: php5 (5.3.3-7+squeeze15)",
	url = "http://packages.debian.org/squeeze/php5",
	year = "07.05.2013",
}

@article{apahcetraf,
	organization = "Netcraft Ltd",
	title = "May 2013 Web Server Survey",
	url = "http://news.netcraft.com/archives/2013/05/03/may-2013-web-server-survey.html",
    month = "May",
	year = "2013",
}
@article{mvc,
    author = "Steve Burbeck, Ph.D.",
    title = "Applications Programming in Smalltalk-80(TM): How to use Model-View-Controller (MVC)",
    year = "1992",
    url = "http://st-www.cs.illinois.edu/users/smarch/st-docs/mvc.html",
}

@online{apachewww,
	organization = "The Apache Software Foundation",
	title = "About the Apache HTTP Server Project",
	url = "https://httpd.apache.org/ABOUT_APACHE.html",
	year = "07.05.2013",
}
@manual{modwsgi,
	author = "Graham Dumpleton",
	title = "Python WSGI adapter module for Apache.",
	url = "https://code.google.com/p/modwsgi/",
	year = "07.05.2013",
}
@electronic{phpmodule,
	organization = "The PHP Group",
	title = "PHP 5.4.14 (Current stable) Complete Source Code",
	url = "http://www.php.net/downloads.php",
	year = "Oktober 2006",
}
@article{lartcintro,
	author = "Martin A. Brown",
	title = "Introduction to Linux Traffic Control",
    month = "Oktober",
	year = "2006",
    edition = "1.0.2",
    url = "http://www.linux.com/learn/docs/ldp/783-traffic-control-howto\# intro",
}
@article{netfiltercore,
	organization = "Netfilter Core Team",
	title = "The netfilter.org project",
	url = "http://netfilter.org/",
	year = "07.05.2013",
}
@manual{ciscoCP,
	organization = "Cisco Systems, Inc",
	title = "Introduction to Captive Portal",
	url = "http://www.cisco.com/en/US/docs/net_mgmt/subscriber_edge_services_manager/3.3/administration/guide/config/ad_cfcp.html#wp1219317",
	year = "07.05.2013",
}
@article{pcmag,
	author = "PCMAG",
	title = "Debian Linux",
	url = "http://www.pcmag.com/encyclopedia/term/55391/captive-portal",
	year = "07.05.2013",
}
@electronic{edummy,
	author = "Debian Project",
    organization = "",
    address = "",
	title = "Debian Linux",
	url = "url: http://www.debian.org/News/2013/20130504",
    language = "",
    howpublished = "",
    month="",
	year = "",
	note = "",
}
@manual{mdummy4,
	author = "Debian Project",
	title = "Debian Linux",
	language = "",
	edition = "",
    howpublished = "",
    organization = "",
    address = "",
    month = "",
	year = "2013",
	note = "",
	url = "url: http://www.debian.org/News/2013/20130504",
}
@article{adummy4,
	author = "Debian Project",
	title = "Debian Linux",
	year = "2013",
    journal = "",
    vulume = "",
    number = "",
    pages = "",
    month = "",
    note = "",
	url = "url: http://www.debian.org/News/2013/20130504",
}
